@article{FLR_KellMG2007,
  title = {FLR: an open-source framework for the evaluation and development of management strategies},
  author = {L.T. Kell and I. Mosqueira and P. Grosjean and J-M. Fromentin and D. Garcia and R. Hillary and E. Jardim and S. Mardle and M. Pastoors and J.J. Poos and F. Scott and R.D. Scott},
  journal = {ICES J. of Mar. Sci.},
  year = {2007},
  volume = {64},
  pages = {640-646},
}
